%YAML 1.1
%TAG !u! tag:unity3d.com,2011:
--- !u!1 &7973375032345915219
GameObject:
  m_ObjectHideFlags: 0
  m_CorrespondingSourceObject: {fileID: 0}
  m_PrefabInstance: {fileID: 0}
  m_PrefabAsset: {fileID: 0}
  serializedVersion: 6
  m_Component:
  - component: {fileID: 7973375032345915218}
  - component: {fileID: 7973375032345915230}
  - component: {fileID: 7973375032345915231}
  - component: {fileID: 7973375032345915216}
  - component: {fileID: 4879985780437197467}
  - component: {fileID: 390178798750025235}
  - component: {fileID: 5079719187291893243}
  m_Layer: 5
  m_Name: EventOption
  m_TagString: Untagged
  m_Icon: {fileID: 0}
  m_NavMeshLayer: 0
  m_StaticEditorFlags: 0
  m_IsActive: 1
--- !u!224 &7973375032345915218
RectTransform:
  m_ObjectHideFlags: 0
  m_CorrespondingSourceObject: {fileID: 0}
  m_PrefabInstance: {fileID: 0}
  m_PrefabAsset: {fileID: 0}
  m_GameObject: {fileID: 7973375032345915219}
  m_LocalRotation: {x: 0, y: 0, z: 0, w: 1}
  m_LocalPosition: {x: 0, y: 0, z: 0}
  m_LocalScale: {x: 1, y: 1, z: 1}
  m_Children:
  - {fileID: 4116598272429812950}
  m_Father: {fileID: 0}
  m_RootOrder: 0
  m_LocalEulerAnglesHint: {x: 0, y: 0, z: 0}
  m_AnchorMin: {x: 0, y: 0}
  m_AnchorMax: {x: 0, y: 0}
  m_AnchoredPosition: {x: 0, y: 0}
  m_SizeDelta: {x: 255.75, y: 89.36}
  m_Pivot: {x: 0.5, y: 0.5}
--- !u!222 &7973375032345915230
CanvasRenderer:
  m_ObjectHideFlags: 0
  m_CorrespondingSourceObject: {fileID: 0}
  m_PrefabInstance: {fileID: 0}
  m_PrefabAsset: {fileID: 0}
  m_GameObject: {fileID: 7973375032345915219}
  m_CullTransparentMesh: 0
--- !u!114 &7973375032345915231
MonoBehaviour:
  m_ObjectHideFlags: 0
  m_CorrespondingSourceObject: {fileID: 0}
  m_PrefabInstance: {fileID: 0}
  m_PrefabAsset: {fileID: 0}
  m_GameObject: {fileID: 7973375032345915219}
  m_Enabled: 1
  m_EditorHideFlags: 0
  m_Script: {fileID: 11500000, guid: fe87c0e1cc204ed48ad3b37840f39efc, type: 3}
  m_Name: 
  m_EditorClassIdentifier: 
  m_Material: {fileID: 0}
  m_Color: {r: 1, g: 1, b: 1, a: 1}
  m_RaycastTarget: 1
  m_Maskable: 1
  m_OnCullStateChanged:
    m_PersistentCalls:
      m_Calls: []
  m_Sprite: {fileID: 2460320495377641156, guid: 3881fbf0e0fc73b43bb500b24226872d,
    type: 3}
  m_Type: 1
  m_PreserveAspect: 0
  m_FillCenter: 1
  m_FillMethod: 4
  m_FillAmount: 1
  m_FillClockwise: 1
  m_FillOrigin: 0
  m_UseSpriteMesh: 0
  m_PixelsPerUnitMultiplier: 3
--- !u!114 &7973375032345915216
MonoBehaviour:
  m_ObjectHideFlags: 0
  m_CorrespondingSourceObject: {fileID: 0}
  m_PrefabInstance: {fileID: 0}
  m_PrefabAsset: {fileID: 0}
  m_GameObject: {fileID: 7973375032345915219}
  m_Enabled: 1
  m_EditorHideFlags: 0
  m_Script: {fileID: 11500000, guid: 4e29b1a8efbd4b44bb3f3716e73f07ff, type: 3}
  m_Name: 
  m_EditorClassIdentifier: 
  m_Navigation:
    m_Mode: 3
    m_SelectOnUp: {fileID: 0}
    m_SelectOnDown: {fileID: 0}
    m_SelectOnLeft: {fileID: 0}
    m_SelectOnRight: {fileID: 0}
  m_Transition: 1
  m_Colors:
    m_NormalColor: {r: 1, g: 1, b: 1, a: 1}
    m_HighlightedColor: {r: 0.9607843, g: 0.9607843, b: 0.9607843, a: 1}
    m_PressedColor: {r: 0.78431374, g: 0.78431374, b: 0.78431374, a: 1}
    m_SelectedColor: {r: 0.9607843, g: 0.9607843, b: 0.9607843, a: 1}
    m_DisabledColor: {r: 1, g: 1, b: 1, a: 1}
    m_ColorMultiplier: 1
    m_FadeDuration: 0.1
  m_SpriteState:
    m_HighlightedSprite: {fileID: 0}
    m_PressedSprite: {fileID: 0}
    m_SelectedSprite: {fileID: 0}
    m_DisabledSprite: {fileID: 0}
  m_AnimationTriggers:
    m_NormalTrigger: Normal
    m_HighlightedTrigger: Highlighted
    m_PressedTrigger: Pressed
    m_SelectedTrigger: Selected
    m_DisabledTrigger: Disabled
  m_Interactable: 1
  m_TargetGraphic: {fileID: 7973375032345915231}
  m_OnClick:
    m_PersistentCalls:
      m_Calls: []
--- !u!114 &4879985780437197467
MonoBehaviour:
  m_ObjectHideFlags: 0
  m_CorrespondingSourceObject: {fileID: 0}
  m_PrefabInstance: {fileID: 0}
  m_PrefabAsset: {fileID: 0}
  m_GameObject: {fileID: 7973375032345915219}
  m_Enabled: 1
  m_EditorHideFlags: 0
  m_Script: {fileID: 11500000, guid: a550fec707e377444a338dc120e96390, type: 3}
  m_Name: 
  m_EditorClassIdentifier: 
  normalSprite: {fileID: 2460320495377641156, guid: 3881fbf0e0fc73b43bb500b24226872d,
    type: 3}
  disabledSprite: {fileID: -7284216607111705232, guid: 3881fbf0e0fc73b43bb500b24226872d,
    type: 3}
  description: {fileID: 672302109093877419}
--- !u!114 &390178798750025235
MonoBehaviour:
  m_ObjectHideFlags: 0
  m_CorrespondingSourceObject: {fileID: 0}
  m_PrefabInstance: {fileID: 0}
  m_PrefabAsset: {fileID: 0}
  m_GameObject: {fileID: 7973375032345915219}
  m_Enabled: 1
  m_EditorHideFlags: 0
  m_Script: {fileID: 11500000, guid: 30649d3a9faa99c48a7b1166b86bf2a0, type: 3}
  m_Name: 
  m_EditorClassIdentifier: 
  m_Padding:
    m_Left: 5
    m_Right: 5
    m_Top: 40
    m_Bottom: 40
  m_ChildAlignment: 4
  m_Spacing: 0
  m_ChildForceExpandWidth: 0
  m_ChildForceExpandHeight: 0
  m_ChildControlWidth: 1
  m_ChildControlHeight: 1
  m_ChildScaleWidth: 0
  m_ChildScaleHeight: 0
--- !u!114 &5079719187291893243
MonoBehaviour:
  m_ObjectHideFlags: 0
  m_CorrespondingSourceObject: {fileID: 0}
  m_PrefabInstance: {fileID: 0}
  m_PrefabAsset: {fileID: 0}
  m_GameObject: {fileID: 7973375032345915219}
  m_Enabled: 1
  m_EditorHideFlags: 0
  m_Script: {fileID: 11500000, guid: 425cdbd7ad77c4249833b65f45f7ee5c, type: 3}
  m_Name: 
  m_EditorClassIdentifier: 
--- !u!1001 &7973375030754273632
PrefabInstance:
  m_ObjectHideFlags: 0
  serializedVersion: 2
  m_Modification:
    m_TransformParent: {fileID: 7973375032345915218}
    m_Modifications:
    - target: {fileID: 1637347008305782388, guid: 3b0a3ab411a22aa4db763b8ce0756798,
        type: 3}
      propertyPath: m_Name
      value: LocalizedText
      objectReference: {fileID: 0}
    - target: {fileID: 6306734967900177846, guid: 3b0a3ab411a22aa4db763b8ce0756798,
        type: 3}
      propertyPath: m_Pivot.x
      value: 0.5
      objectReference: {fileID: 0}
    - target: {fileID: 6306734967900177846, guid: 3b0a3ab411a22aa4db763b8ce0756798,
        type: 3}
      propertyPath: m_Pivot.y
      value: 0.5
      objectReference: {fileID: 0}
    - target: {fileID: 6306734967900177846, guid: 3b0a3ab411a22aa4db763b8ce0756798,
        type: 3}
      propertyPath: m_RootOrder
      value: 0
      objectReference: {fileID: 0}
    - target: {fileID: 6306734967900177846, guid: 3b0a3ab411a22aa4db763b8ce0756798,
        type: 3}
      propertyPath: m_AnchorMax.x
      value: 0
      objectReference: {fileID: 0}
    - target: {fileID: 6306734967900177846, guid: 3b0a3ab411a22aa4db763b8ce0756798,
        type: 3}
      propertyPath: m_AnchorMax.y
      value: 0
      objectReference: {fileID: 0}
    - target: {fileID: 6306734967900177846, guid: 3b0a3ab411a22aa4db763b8ce0756798,
        type: 3}
      propertyPath: m_AnchorMin.x
      value: 0
      objectReference: {fileID: 0}
    - target: {fileID: 6306734967900177846, guid: 3b0a3ab411a22aa4db763b8ce0756798,
        type: 3}
      propertyPath: m_AnchorMin.y
      value: 0
      objectReference: {fileID: 0}
    - target: {fileID: 6306734967900177846, guid: 3b0a3ab411a22aa4db763b8ce0756798,
        type: 3}
      propertyPath: m_SizeDelta.x
      value: 0
      objectReference: {fileID: 0}
    - target: {fileID: 6306734967900177846, guid: 3b0a3ab411a22aa4db763b8ce0756798,
        type: 3}
      propertyPath: m_SizeDelta.y
      value: 0
      objectReference: {fileID: 0}
    - target: {fileID: 6306734967900177846, guid: 3b0a3ab411a22aa4db763b8ce0756798,
        type: 3}
      propertyPath: m_LocalPosition.x
      value: 0
      objectReference: {fileID: 0}
    - target: {fileID: 6306734967900177846, guid: 3b0a3ab411a22aa4db763b8ce0756798,
        type: 3}
      propertyPath: m_LocalPosition.y
      value: 0
      objectReference: {fileID: 0}
    - target: {fileID: 6306734967900177846, guid: 3b0a3ab411a22aa4db763b8ce0756798,
        type: 3}
      propertyPath: m_LocalPosition.z
      value: 0
      objectReference: {fileID: 0}
    - target: {fileID: 6306734967900177846, guid: 3b0a3ab411a22aa4db763b8ce0756798,
        type: 3}
      propertyPath: m_LocalRotation.w
      value: 1
      objectReference: {fileID: 0}
    - target: {fileID: 6306734967900177846, guid: 3b0a3ab411a22aa4db763b8ce0756798,
        type: 3}
      propertyPath: m_LocalRotation.x
      value: 0
      objectReference: {fileID: 0}
    - target: {fileID: 6306734967900177846, guid: 3b0a3ab411a22aa4db763b8ce0756798,
        type: 3}
      propertyPath: m_LocalRotation.y
      value: 0
      objectReference: {fileID: 0}
    - target: {fileID: 6306734967900177846, guid: 3b0a3ab411a22aa4db763b8ce0756798,
        type: 3}
      propertyPath: m_LocalRotation.z
      value: 0
      objectReference: {fileID: 0}
    - target: {fileID: 6306734967900177846, guid: 3b0a3ab411a22aa4db763b8ce0756798,
        type: 3}
      propertyPath: m_AnchoredPosition.x
      value: 0
      objectReference: {fileID: 0}
    - target: {fileID: 6306734967900177846, guid: 3b0a3ab411a22aa4db763b8ce0756798,
        type: 3}
      propertyPath: m_AnchoredPosition.y
      value: 0
      objectReference: {fileID: 0}
    - target: {fileID: 6306734967900177846, guid: 3b0a3ab411a22aa4db763b8ce0756798,
        type: 3}
      propertyPath: m_LocalEulerAnglesHint.x
      value: 0
      objectReference: {fileID: 0}
    - target: {fileID: 6306734967900177846, guid: 3b0a3ab411a22aa4db763b8ce0756798,
        type: 3}
      propertyPath: m_LocalEulerAnglesHint.y
      value: 0
      objectReference: {fileID: 0}
    - target: {fileID: 6306734967900177846, guid: 3b0a3ab411a22aa4db763b8ce0756798,
        type: 3}
      propertyPath: m_LocalEulerAnglesHint.z
      value: 0
      objectReference: {fileID: 0}
    - target: {fileID: 7490437722995867595, guid: 3b0a3ab411a22aa4db763b8ce0756798,
        type: 3}
      propertyPath: m_VerticalAlignment
      value: 512
      objectReference: {fileID: 0}
    m_RemovedComponents: []
  m_SourcePrefab: {fileID: 100100000, guid: 3b0a3ab411a22aa4db763b8ce0756798, type: 3}
--- !u!224 &4116598272429812950 stripped
RectTransform:
  m_CorrespondingSourceObject: {fileID: 6306734967900177846, guid: 3b0a3ab411a22aa4db763b8ce0756798,
    type: 3}
  m_PrefabInstance: {fileID: 7973375030754273632}
  m_PrefabAsset: {fileID: 0}
--- !u!114 &672302109093877419 stripped
MonoBehaviour:
  m_CorrespondingSourceObject: {fileID: 7490437722995867595, guid: 3b0a3ab411a22aa4db763b8ce0756798,
    type: 3}
  m_PrefabInstance: {fileID: 7973375030754273632}
  m_PrefabAsset: {fileID: 0}
  m_GameObject: {fileID: 0}
  m_Enabled: 1
  m_EditorHideFlags: 0
  m_Script: {fileID: 11500000, guid: f4688fdb7df04437aeb418b961361dc5, type: 3}
  m_Name: 
  m_EditorClassIdentifier: 
