%YAML 1.1
%TAG !u! tag:unity3d.com,2011:
--- !u!1 &1803221145
GameObject:
  m_ObjectHideFlags: 0
  m_CorrespondingSourceObject: {fileID: 0}
  m_PrefabInstance: {fileID: 0}
  m_PrefabAsset: {fileID: 0}
  serializedVersion: 6
  m_Component:
  - component: {fileID: 1803221146}
  - component: {fileID: 1803221147}
  m_Layer: 5
  m_Name: QualityChoose
  m_TagString: Untagged
  m_Icon: {fileID: 0}
  m_NavMeshLayer: 0
  m_StaticEditorFlags: 0
  m_IsActive: 1
--- !u!224 &1803221146
RectTransform:
  m_ObjectHideFlags: 0
  m_CorrespondingSourceObject: {fileID: 0}
  m_PrefabInstance: {fileID: 0}
  m_PrefabAsset: {fileID: 0}
  m_GameObject: {fileID: 1803221145}
  m_LocalRotation: {x: -0, y: -0, z: -0, w: 1}
  m_LocalPosition: {x: 0, y: 0, z: 0}
  m_LocalScale: {x: 1, y: 1, z: 1}
  m_Children:
  - {fileID: 375860294222563940}
  - {fileID: 6712151661183533099}
  m_Father: {fileID: 450817020952980328}
  m_RootOrder: 2
  m_LocalEulerAnglesHint: {x: 0, y: 0, z: 0}
  m_AnchorMin: {x: 0, y: 0}
  m_AnchorMax: {x: 0, y: 0}
  m_AnchoredPosition: {x: 0, y: 0}
  m_SizeDelta: {x: 0, y: 0}
  m_Pivot: {x: 0.5, y: 0.5}
--- !u!114 &1803221147
MonoBehaviour:
  m_ObjectHideFlags: 0
  m_CorrespondingSourceObject: {fileID: 0}
  m_PrefabInstance: {fileID: 0}
  m_PrefabAsset: {fileID: 0}
  m_GameObject: {fileID: 1803221145}
  m_Enabled: 1
  m_EditorHideFlags: 0
  m_Script: {fileID: 11500000, guid: 30649d3a9faa99c48a7b1166b86bf2a0, type: 3}
  m_Name: 
  m_EditorClassIdentifier: 
  m_Padding:
    m_Left: 10
    m_Right: 40
    m_Top: 0
    m_Bottom: 0
  m_ChildAlignment: 3
  m_Spacing: 0
  m_ChildForceExpandWidth: 0
  m_ChildForceExpandHeight: 0
  m_ChildControlWidth: 1
  m_ChildControlHeight: 1
  m_ChildScaleWidth: 0
  m_ChildScaleHeight: 0
--- !u!114 &5455981331947809158
MonoBehaviour:
  m_ObjectHideFlags: 0
  m_CorrespondingSourceObject: {fileID: 0}
  m_PrefabInstance: {fileID: 0}
  m_PrefabAsset: {fileID: 0}
  m_GameObject: {fileID: 870570141988413306}
  m_Enabled: 1
  m_EditorHideFlags: 0
  m_Script: {fileID: 11500000, guid: 306cc8c2b49d7114eaa3623786fc2126, type: 3}
  m_Name: 
  m_EditorClassIdentifier: 
  m_IgnoreLayout: 0
  m_MinWidth: -1
  m_MinHeight: -1
  m_PreferredWidth: -1
  m_PreferredHeight: -1
  m_FlexibleWidth: 1
  m_FlexibleHeight: -1
  m_LayoutPriority: 1
--- !u!1 &1922443868596914143
GameObject:
  m_ObjectHideFlags: 0
  m_CorrespondingSourceObject: {fileID: 0}
  m_PrefabInstance: {fileID: 0}
  m_PrefabAsset: {fileID: 0}
  serializedVersion: 6
  m_Component:
  - component: {fileID: 1922443868596914140}
  - component: {fileID: 5958637222878580100}
  m_Layer: 5
  m_Name: ResoultionChoose
  m_TagString: Untagged
  m_Icon: {fileID: 0}
  m_NavMeshLayer: 0
  m_StaticEditorFlags: 0
  m_IsActive: 1
--- !u!224 &1922443868596914140
RectTransform:
  m_ObjectHideFlags: 0
  m_CorrespondingSourceObject: {fileID: 0}
  m_PrefabInstance: {fileID: 0}
  m_PrefabAsset: {fileID: 0}
  m_GameObject: {fileID: 1922443868596914143}
  m_LocalRotation: {x: -0, y: -0, z: -0, w: 1}
  m_LocalPosition: {x: 0, y: 0, z: 0}
  m_LocalScale: {x: 1, y: 1, z: 1}
  m_Children:
  - {fileID: 5560787250396202168}
  - {fileID: 1922443868070950192}
  m_Father: {fileID: 450817020952980328}
  m_RootOrder: 0
  m_LocalEulerAnglesHint: {x: 0, y: 0, z: 0}
  m_AnchorMin: {x: 0, y: 0}
  m_AnchorMax: {x: 0, y: 0}
  m_AnchoredPosition: {x: 0, y: 0}
  m_SizeDelta: {x: 0, y: 0}
  m_Pivot: {x: 0.5, y: 0.5}
--- !u!114 &5958637222878580100
MonoBehaviour:
  m_ObjectHideFlags: 0
  m_CorrespondingSourceObject: {fileID: 0}
  m_PrefabInstance: {fileID: 0}
  m_PrefabAsset: {fileID: 0}
  m_GameObject: {fileID: 1922443868596914143}
  m_Enabled: 1
  m_EditorHideFlags: 0
  m_Script: {fileID: 11500000, guid: 30649d3a9faa99c48a7b1166b86bf2a0, type: 3}
  m_Name: 
  m_EditorClassIdentifier: 
  m_Padding:
    m_Left: 10
    m_Right: 40
    m_Top: 0
    m_Bottom: 0
  m_ChildAlignment: 3
  m_Spacing: 0
  m_ChildForceExpandWidth: 0
  m_ChildForceExpandHeight: 0
  m_ChildControlWidth: 1
  m_ChildControlHeight: 1
  m_ChildScaleWidth: 0
  m_ChildScaleHeight: 0
--- !u!114 &1285677036423526567
MonoBehaviour:
  m_ObjectHideFlags: 0
  m_CorrespondingSourceObject: {fileID: 0}
  m_PrefabInstance: {fileID: 0}
  m_PrefabAsset: {fileID: 0}
  m_GameObject: {fileID: 2179930062467235036}
  m_Enabled: 1
  m_EditorHideFlags: 0
  m_Script: {fileID: 11500000, guid: 302712b32137b234e834ba7096f199d1, type: 3}
  m_Name: 
  m_EditorClassIdentifier: 
--- !u!114 &185531766
MonoBehaviour:
  m_ObjectHideFlags: 0
  m_CorrespondingSourceObject: {fileID: 0}
  m_PrefabInstance: {fileID: 0}
  m_PrefabAsset: {fileID: 0}
  m_GameObject: {fileID: 4902258998598406566}
  m_Enabled: 1
  m_EditorHideFlags: 0
  m_Script: {fileID: 11500000, guid: 306cc8c2b49d7114eaa3623786fc2126, type: 3}
  m_Name: 
  m_EditorClassIdentifier: 
  m_IgnoreLayout: 0
  m_MinWidth: -1
  m_MinHeight: -1
  m_PreferredWidth: -1
  m_PreferredHeight: -1
  m_FlexibleWidth: 1
  m_FlexibleHeight: -1
  m_LayoutPriority: 1
--- !u!114 &8388537373825611647
MonoBehaviour:
  m_ObjectHideFlags: 0
  m_CorrespondingSourceObject: {fileID: 0}
  m_PrefabInstance: {fileID: 0}
  m_PrefabAsset: {fileID: 0}
  m_GameObject: {fileID: 4902258999453717391}
  m_Enabled: 1
  m_EditorHideFlags: 0
  m_Script: {fileID: 11500000, guid: 306cc8c2b49d7114eaa3623786fc2126, type: 3}
  m_Name: 
  m_EditorClassIdentifier: 
  m_IgnoreLayout: 0
  m_MinWidth: -1
  m_MinHeight: -1
  m_PreferredWidth: -1
  m_PreferredHeight: -1
  m_FlexibleWidth: 1
  m_FlexibleHeight: -1
  m_LayoutPriority: 1
--- !u!114 &626400675
MonoBehaviour:
  m_ObjectHideFlags: 0
  m_CorrespondingSourceObject: {fileID: 0}
  m_PrefabInstance: {fileID: 0}
  m_PrefabAsset: {fileID: 0}
  m_GameObject: {fileID: 5479845001334596409}
  m_Enabled: 1
  m_EditorHideFlags: 0
  m_Script: {fileID: 11500000, guid: 59328a9dd72e2fc41bd75384d3e8cd33, type: 3}
  m_Name: 
  m_EditorClassIdentifier: 
--- !u!1 &5958637222749062140
GameObject:
  m_ObjectHideFlags: 0
  m_CorrespondingSourceObject: {fileID: 0}
  m_PrefabInstance: {fileID: 0}
  m_PrefabAsset: {fileID: 0}
  serializedVersion: 6
  m_Component:
  - component: {fileID: 5958637222749062143}
  - component: {fileID: 5958637222749062142}
  m_Layer: 5
  m_Name: FullscreenChoose
  m_TagString: Untagged
  m_Icon: {fileID: 0}
  m_NavMeshLayer: 0
  m_StaticEditorFlags: 0
  m_IsActive: 1
--- !u!224 &5958637222749062143
RectTransform:
  m_ObjectHideFlags: 0
  m_CorrespondingSourceObject: {fileID: 0}
  m_PrefabInstance: {fileID: 0}
  m_PrefabAsset: {fileID: 0}
  m_GameObject: {fileID: 5958637222749062140}
  m_LocalRotation: {x: -0, y: -0, z: -0, w: 1}
  m_LocalPosition: {x: 0, y: 0, z: 0}
  m_LocalScale: {x: 1, y: 1, z: 1}
  m_Children:
  - {fileID: 375860293399627853}
  - {fileID: 2179930062467235039}
  m_Father: {fileID: 450817020952980328}
  m_RootOrder: 1
  m_LocalEulerAnglesHint: {x: 0, y: 0, z: 0}
  m_AnchorMin: {x: 0, y: 0}
  m_AnchorMax: {x: 0, y: 0}
  m_AnchoredPosition: {x: 0, y: 0}
  m_SizeDelta: {x: 0, y: 0}
  m_Pivot: {x: 0.5, y: 0.5}
--- !u!114 &5958637222749062142
MonoBehaviour:
  m_ObjectHideFlags: 0
  m_CorrespondingSourceObject: {fileID: 0}
  m_PrefabInstance: {fileID: 0}
  m_PrefabAsset: {fileID: 0}
  m_GameObject: {fileID: 5958637222749062140}
  m_Enabled: 1
  m_EditorHideFlags: 0
  m_Script: {fileID: 11500000, guid: 30649d3a9faa99c48a7b1166b86bf2a0, type: 3}
  m_Name: 
  m_EditorClassIdentifier: 
  m_Padding:
    m_Left: 10
    m_Right: 40
    m_Top: 0
    m_Bottom: 0
  m_ChildAlignment: 3
  m_Spacing: 0
  m_ChildForceExpandWidth: 0
  m_ChildForceExpandHeight: 0
  m_ChildControlWidth: 1
  m_ChildControlHeight: 1
  m_ChildScaleWidth: 0
  m_ChildScaleHeight: 0
--- !u!1 &5958637223267971355
GameObject:
  m_ObjectHideFlags: 0
  m_CorrespondingSourceObject: {fileID: 0}
  m_PrefabInstance: {fileID: 0}
  m_PrefabAsset: {fileID: 0}
  serializedVersion: 6
  m_Component:
  - component: {fileID: 5958637223267971354}
  - component: {fileID: 5958637223267971357}
  m_Layer: 5
  m_Name: SettingsGraphics
  m_TagString: Untagged
  m_Icon: {fileID: 0}
  m_NavMeshLayer: 0
  m_StaticEditorFlags: 0
  m_IsActive: 1
--- !u!224 &5958637223267971354
RectTransform:
  m_ObjectHideFlags: 0
  m_CorrespondingSourceObject: {fileID: 0}
  m_PrefabInstance: {fileID: 0}
  m_PrefabAsset: {fileID: 0}
  m_GameObject: {fileID: 5958637223267971355}
  m_LocalRotation: {x: 0, y: 0, z: 0, w: 1}
  m_LocalPosition: {x: 0, y: 0, z: 0}
  m_LocalScale: {x: 1, y: 1, z: 1}
  m_Children:
  - {fileID: 450817021982352198}
  - {fileID: 5479845001334596408}
  m_Father: {fileID: 0}
  m_RootOrder: 0
  m_LocalEulerAnglesHint: {x: 0, y: 0, z: 0}
  m_AnchorMin: {x: 0, y: 0}
  m_AnchorMax: {x: 1, y: 1}
  m_AnchoredPosition: {x: 0, y: 0}
  m_SizeDelta: {x: 0, y: 0}
  m_Pivot: {x: 0.5, y: 0.5}
--- !u!114 &5958637223267971357
MonoBehaviour:
  m_ObjectHideFlags: 0
  m_CorrespondingSourceObject: {fileID: 0}
  m_PrefabInstance: {fileID: 0}
  m_PrefabAsset: {fileID: 0}
  m_GameObject: {fileID: 5958637223267971355}
  m_Enabled: 1
  m_EditorHideFlags: 0
  m_Script: {fileID: 11500000, guid: c1ee5f3abe0aa0740ad6aaf94715ebc8, type: 3}
  m_Name: 
  m_EditorClassIdentifier: 
  direction: 0
--- !u!114 &930608883
MonoBehaviour:
  m_ObjectHideFlags: 0
  m_CorrespondingSourceObject: {fileID: 0}
  m_PrefabInstance: {fileID: 0}
  m_PrefabAsset: {fileID: 0}
  m_GameObject: {fileID: 6712151661183533096}
  m_Enabled: 1
  m_EditorHideFlags: 0
  m_Script: {fileID: 11500000, guid: c0140ae5f966e104cbc5a733b522cc70, type: 3}
  m_Name: 
  m_EditorClassIdentifier: 
--- !u!1001 &1285677036423526565
PrefabInstance:
  m_ObjectHideFlags: 0
  serializedVersion: 2
  m_Modification:
    m_TransformParent: {fileID: 5958637222749062143}
    m_Modifications:
    - target: {fileID: 1123382731660280953, guid: 13352554311fe384a92a561e4c5452c5,
        type: 3}
      propertyPath: m_Name
      value: Dropdown
      objectReference: {fileID: 0}
    - target: {fileID: 1123382731660280954, guid: 13352554311fe384a92a561e4c5452c5,
        type: 3}
      propertyPath: m_Pivot.x
      value: 0.5
      objectReference: {fileID: 0}
    - target: {fileID: 1123382731660280954, guid: 13352554311fe384a92a561e4c5452c5,
        type: 3}
      propertyPath: m_Pivot.y
      value: 0.5
      objectReference: {fileID: 0}
    - target: {fileID: 1123382731660280954, guid: 13352554311fe384a92a561e4c5452c5,
        type: 3}
      propertyPath: m_RootOrder
      value: 1
      objectReference: {fileID: 0}
    - target: {fileID: 1123382731660280954, guid: 13352554311fe384a92a561e4c5452c5,
        type: 3}
      propertyPath: m_AnchorMax.x
      value: 0
      objectReference: {fileID: 0}
    - target: {fileID: 1123382731660280954, guid: 13352554311fe384a92a561e4c5452c5,
        type: 3}
      propertyPath: m_AnchorMax.y
      value: 0
      objectReference: {fileID: 0}
    - target: {fileID: 1123382731660280954, guid: 13352554311fe384a92a561e4c5452c5,
        type: 3}
      propertyPath: m_AnchorMin.x
      value: 0
      objectReference: {fileID: 0}
    - target: {fileID: 1123382731660280954, guid: 13352554311fe384a92a561e4c5452c5,
        type: 3}
      propertyPath: m_AnchorMin.y
      value: 0
      objectReference: {fileID: 0}
    - target: {fileID: 1123382731660280954, guid: 13352554311fe384a92a561e4c5452c5,
        type: 3}
      propertyPath: m_SizeDelta.x
      value: 0
      objectReference: {fileID: 0}
    - target: {fileID: 1123382731660280954, guid: 13352554311fe384a92a561e4c5452c5,
        type: 3}
      propertyPath: m_SizeDelta.y
      value: 0
      objectReference: {fileID: 0}
    - target: {fileID: 1123382731660280954, guid: 13352554311fe384a92a561e4c5452c5,
        type: 3}
      propertyPath: m_LocalPosition.x
      value: 0
      objectReference: {fileID: 0}
    - target: {fileID: 1123382731660280954, guid: 13352554311fe384a92a561e4c5452c5,
        type: 3}
      propertyPath: m_LocalPosition.y
      value: 0
      objectReference: {fileID: 0}
    - target: {fileID: 1123382731660280954, guid: 13352554311fe384a92a561e4c5452c5,
        type: 3}
      propertyPath: m_LocalPosition.z
      value: 0
      objectReference: {fileID: 0}
    - target: {fileID: 1123382731660280954, guid: 13352554311fe384a92a561e4c5452c5,
        type: 3}
      propertyPath: m_LocalRotation.w
      value: 1
      objectReference: {fileID: 0}
    - target: {fileID: 1123382731660280954, guid: 13352554311fe384a92a561e4c5452c5,
        type: 3}
      propertyPath: m_LocalRotation.x
      value: 0
      objectReference: {fileID: 0}
    - target: {fileID: 1123382731660280954, guid: 13352554311fe384a92a561e4c5452c5,
        type: 3}
      propertyPath: m_LocalRotation.y
      value: 0
      objectReference: {fileID: 0}
    - target: {fileID: 1123382731660280954, guid: 13352554311fe384a92a561e4c5452c5,
        type: 3}
      propertyPath: m_LocalRotation.z
      value: 0
      objectReference: {fileID: 0}
    - target: {fileID: 1123382731660280954, guid: 13352554311fe384a92a561e4c5452c5,
        type: 3}
      propertyPath: m_AnchoredPosition.x
      value: 0
      objectReference: {fileID: 0}
    - target: {fileID: 1123382731660280954, guid: 13352554311fe384a92a561e4c5452c5,
        type: 3}
      propertyPath: m_AnchoredPosition.y
      value: 0
      objectReference: {fileID: 0}
    - target: {fileID: 1123382731660280954, guid: 13352554311fe384a92a561e4c5452c5,
        type: 3}
      propertyPath: m_LocalEulerAnglesHint.x
      value: 0
      objectReference: {fileID: 0}
    - target: {fileID: 1123382731660280954, guid: 13352554311fe384a92a561e4c5452c5,
        type: 3}
      propertyPath: m_LocalEulerAnglesHint.y
      value: 0
      objectReference: {fileID: 0}
    - target: {fileID: 1123382731660280954, guid: 13352554311fe384a92a561e4c5452c5,
        type: 3}
      propertyPath: m_LocalEulerAnglesHint.z
      value: 0
      objectReference: {fileID: 0}
    - target: {fileID: 5155424053983088159, guid: 13352554311fe384a92a561e4c5452c5,
        type: 3}
      propertyPath: m_Enabled
      value: 1
      objectReference: {fileID: 0}
    - target: {fileID: 5155424053983088159, guid: 13352554311fe384a92a561e4c5452c5,
        type: 3}
      propertyPath: m_MinWidth
      value: 300
      objectReference: {fileID: 0}
    - target: {fileID: 5155424053983088159, guid: 13352554311fe384a92a561e4c5452c5,
        type: 3}
      propertyPath: m_PreferredWidth
      value: 800
      objectReference: {fileID: 0}
    m_RemovedComponents: []
  m_SourcePrefab: {fileID: 100100000, guid: 13352554311fe384a92a561e4c5452c5, type: 3}
--- !u!224 &2179930062467235039 stripped
RectTransform:
  m_CorrespondingSourceObject: {fileID: 1123382731660280954, guid: 13352554311fe384a92a561e4c5452c5,
    type: 3}
  m_PrefabInstance: {fileID: 1285677036423526565}
  m_PrefabAsset: {fileID: 0}
--- !u!1 &2179930062467235036 stripped
GameObject:
  m_CorrespondingSourceObject: {fileID: 1123382731660280953, guid: 13352554311fe384a92a561e4c5452c5,
    type: 3}
  m_PrefabInstance: {fileID: 1285677036423526565}
  m_PrefabAsset: {fileID: 0}
--- !u!1001 &1922443868680913166
PrefabInstance:
  m_ObjectHideFlags: 0
  serializedVersion: 2
  m_Modification:
    m_TransformParent: {fileID: 1922443868596914140}
    m_Modifications:
    - target: {fileID: 2118533011, guid: 3b0a3ab411a22aa4db763b8ce0756798, type: 3}
      propertyPath: localizationKey
      value: MainMenu.Settings.Resolution
      objectReference: {fileID: 0}
    - target: {fileID: 1637347008305782388, guid: 3b0a3ab411a22aa4db763b8ce0756798,
        type: 3}
      propertyPath: m_Name
      value: LocalizedText
      objectReference: {fileID: 0}
    - target: {fileID: 6306734967900177846, guid: 3b0a3ab411a22aa4db763b8ce0756798,
        type: 3}
      propertyPath: m_Pivot.x
      value: 0.5
      objectReference: {fileID: 0}
    - target: {fileID: 6306734967900177846, guid: 3b0a3ab411a22aa4db763b8ce0756798,
        type: 3}
      propertyPath: m_Pivot.y
      value: 0.5
      objectReference: {fileID: 0}
    - target: {fileID: 6306734967900177846, guid: 3b0a3ab411a22aa4db763b8ce0756798,
        type: 3}
      propertyPath: m_RootOrder
      value: 0
      objectReference: {fileID: 0}
    - target: {fileID: 6306734967900177846, guid: 3b0a3ab411a22aa4db763b8ce0756798,
        type: 3}
      propertyPath: m_AnchorMax.x
      value: 0
      objectReference: {fileID: 0}
    - target: {fileID: 6306734967900177846, guid: 3b0a3ab411a22aa4db763b8ce0756798,
        type: 3}
      propertyPath: m_AnchorMax.y
      value: 0
      objectReference: {fileID: 0}
    - target: {fileID: 6306734967900177846, guid: 3b0a3ab411a22aa4db763b8ce0756798,
        type: 3}
      propertyPath: m_AnchorMin.x
      value: 0
      objectReference: {fileID: 0}
    - target: {fileID: 6306734967900177846, guid: 3b0a3ab411a22aa4db763b8ce0756798,
        type: 3}
      propertyPath: m_AnchorMin.y
      value: 0
      objectReference: {fileID: 0}
    - target: {fileID: 6306734967900177846, guid: 3b0a3ab411a22aa4db763b8ce0756798,
        type: 3}
      propertyPath: m_SizeDelta.x
      value: 0
      objectReference: {fileID: 0}
    - target: {fileID: 6306734967900177846, guid: 3b0a3ab411a22aa4db763b8ce0756798,
        type: 3}
      propertyPath: m_SizeDelta.y
      value: 0
      objectReference: {fileID: 0}
    - target: {fileID: 6306734967900177846, guid: 3b0a3ab411a22aa4db763b8ce0756798,
        type: 3}
      propertyPath: m_LocalPosition.x
      value: 0
      objectReference: {fileID: 0}
    - target: {fileID: 6306734967900177846, guid: 3b0a3ab411a22aa4db763b8ce0756798,
        type: 3}
      propertyPath: m_LocalPosition.y
      value: 0
      objectReference: {fileID: 0}
    - target: {fileID: 6306734967900177846, guid: 3b0a3ab411a22aa4db763b8ce0756798,
        type: 3}
      propertyPath: m_LocalPosition.z
      value: 0
      objectReference: {fileID: 0}
    - target: {fileID: 6306734967900177846, guid: 3b0a3ab411a22aa4db763b8ce0756798,
        type: 3}
      propertyPath: m_LocalRotation.w
      value: 1
      objectReference: {fileID: 0}
    - target: {fileID: 6306734967900177846, guid: 3b0a3ab411a22aa4db763b8ce0756798,
        type: 3}
      propertyPath: m_LocalRotation.x
      value: 0
      objectReference: {fileID: 0}
    - target: {fileID: 6306734967900177846, guid: 3b0a3ab411a22aa4db763b8ce0756798,
        type: 3}
      propertyPath: m_LocalRotation.y
      value: 0
      objectReference: {fileID: 0}
    - target: {fileID: 6306734967900177846, guid: 3b0a3ab411a22aa4db763b8ce0756798,
        type: 3}
      propertyPath: m_LocalRotation.z
      value: 0
      objectReference: {fileID: 0}
    - target: {fileID: 6306734967900177846, guid: 3b0a3ab411a22aa4db763b8ce0756798,
        type: 3}
      propertyPath: m_AnchoredPosition.x
      value: 0
      objectReference: {fileID: 0}
    - target: {fileID: 6306734967900177846, guid: 3b0a3ab411a22aa4db763b8ce0756798,
        type: 3}
      propertyPath: m_AnchoredPosition.y
      value: 0
      objectReference: {fileID: 0}
    - target: {fileID: 6306734967900177846, guid: 3b0a3ab411a22aa4db763b8ce0756798,
        type: 3}
      propertyPath: m_LocalEulerAnglesHint.x
      value: 0
      objectReference: {fileID: 0}
    - target: {fileID: 6306734967900177846, guid: 3b0a3ab411a22aa4db763b8ce0756798,
        type: 3}
      propertyPath: m_LocalEulerAnglesHint.y
      value: 0
      objectReference: {fileID: 0}
    - target: {fileID: 6306734967900177846, guid: 3b0a3ab411a22aa4db763b8ce0756798,
        type: 3}
      propertyPath: m_LocalEulerAnglesHint.z
      value: 0
      objectReference: {fileID: 0}
    - target: {fileID: 7490437722995867595, guid: 3b0a3ab411a22aa4db763b8ce0756798,
        type: 3}
      propertyPath: m_text
      value: "Rozdzielczo\u015B\u0107"
      objectReference: {fileID: 0}
    - target: {fileID: 7490437722995867595, guid: 3b0a3ab411a22aa4db763b8ce0756798,
        type: 3}
      propertyPath: m_fontSize
      value: 50
      objectReference: {fileID: 0}
    - target: {fileID: 7490437722995867595, guid: 3b0a3ab411a22aa4db763b8ce0756798,
        type: 3}
      propertyPath: m_margin.x
      value: 83
      objectReference: {fileID: 0}
    - target: {fileID: 7490437722995867595, guid: 3b0a3ab411a22aa4db763b8ce0756798,
        type: 3}
      propertyPath: m_fontSizeBase
      value: 50
      objectReference: {fileID: 0}
    - target: {fileID: 7490437722995867595, guid: 3b0a3ab411a22aa4db763b8ce0756798,
        type: 3}
      propertyPath: m_HorizontalAlignment
      value: 1
      objectReference: {fileID: 0}
    m_RemovedComponents: []
  m_SourcePrefab: {fileID: 100100000, guid: 3b0a3ab411a22aa4db763b8ce0756798, type: 3}
--- !u!1 &870570141988413306 stripped
GameObject:
  m_CorrespondingSourceObject: {fileID: 1637347008305782388, guid: 3b0a3ab411a22aa4db763b8ce0756798,
    type: 3}
  m_PrefabInstance: {fileID: 1922443868680913166}
  m_PrefabAsset: {fileID: 0}
--- !u!224 &5560787250396202168 stripped
RectTransform:
  m_CorrespondingSourceObject: {fileID: 6306734967900177846, guid: 3b0a3ab411a22aa4db763b8ce0756798,
    type: 3}
  m_PrefabInstance: {fileID: 1922443868680913166}
  m_PrefabAsset: {fileID: 0}
--- !u!1001 &5958637222313911748
PrefabInstance:
  m_ObjectHideFlags: 0
  serializedVersion: 2
  m_Modification:
    m_TransformParent: {fileID: 5958637223267971354}
    m_Modifications:
    - target: {fileID: 2168661201934224782, guid: 922d65cf33d03bf4582cb69f246abf91,
        type: 3}
      propertyPath: m_AnchorMax.y
      value: 0
      objectReference: {fileID: 0}
    - target: {fileID: 2168661201934224782, guid: 922d65cf33d03bf4582cb69f246abf91,
        type: 3}
      propertyPath: m_AnchorMin.y
      value: 0
      objectReference: {fileID: 0}
    - target: {fileID: 2168661201934224782, guid: 922d65cf33d03bf4582cb69f246abf91,
        type: 3}
      propertyPath: m_SizeDelta.x
      value: 0
      objectReference: {fileID: 0}
    - target: {fileID: 2168661201934224782, guid: 922d65cf33d03bf4582cb69f246abf91,
        type: 3}
      propertyPath: m_AnchoredPosition.x
      value: 0
      objectReference: {fileID: 0}
    - target: {fileID: 2168661201934224782, guid: 922d65cf33d03bf4582cb69f246abf91,
        type: 3}
      propertyPath: m_AnchoredPosition.y
      value: 0
      objectReference: {fileID: 0}
    - target: {fileID: 2168661203550863202, guid: 922d65cf33d03bf4582cb69f246abf91,
        type: 3}
      propertyPath: m_AnchorMax.y
      value: 0
      objectReference: {fileID: 0}
    - target: {fileID: 2168661203550863202, guid: 922d65cf33d03bf4582cb69f246abf91,
        type: 3}
      propertyPath: m_AnchorMin.y
      value: 0
      objectReference: {fileID: 0}
    - target: {fileID: 2168661203550863202, guid: 922d65cf33d03bf4582cb69f246abf91,
        type: 3}
      propertyPath: m_SizeDelta.x
      value: 0
      objectReference: {fileID: 0}
    - target: {fileID: 2168661203550863202, guid: 922d65cf33d03bf4582cb69f246abf91,
        type: 3}
      propertyPath: m_SizeDelta.y
      value: 0
      objectReference: {fileID: 0}
    - target: {fileID: 2168661203550863202, guid: 922d65cf33d03bf4582cb69f246abf91,
        type: 3}
      propertyPath: m_AnchoredPosition.x
      value: 0
      objectReference: {fileID: 0}
    - target: {fileID: 2168661203550863202, guid: 922d65cf33d03bf4582cb69f246abf91,
        type: 3}
      propertyPath: m_AnchoredPosition.y
      value: 0
      objectReference: {fileID: 0}
    - target: {fileID: 5304861948803431430, guid: 922d65cf33d03bf4582cb69f246abf91,
        type: 3}
      propertyPath: m_AnchorMax.y
      value: 0
      objectReference: {fileID: 0}
    - target: {fileID: 5304861948803431430, guid: 922d65cf33d03bf4582cb69f246abf91,
        type: 3}
      propertyPath: m_AnchorMin.y
      value: 0
      objectReference: {fileID: 0}
    - target: {fileID: 5304861948803431430, guid: 922d65cf33d03bf4582cb69f246abf91,
        type: 3}
      propertyPath: m_SizeDelta.x
      value: 0
      objectReference: {fileID: 0}
    - target: {fileID: 5304861948803431430, guid: 922d65cf33d03bf4582cb69f246abf91,
        type: 3}
      propertyPath: m_AnchoredPosition.x
      value: 0
      objectReference: {fileID: 0}
    - target: {fileID: 5304861948803431430, guid: 922d65cf33d03bf4582cb69f246abf91,
        type: 3}
      propertyPath: m_AnchoredPosition.y
      value: 0
      objectReference: {fileID: 0}
    - target: {fileID: 6120615414604356198, guid: 922d65cf33d03bf4582cb69f246abf91,
        type: 3}
      propertyPath: m_AnchorMax.x
      value: 0
      objectReference: {fileID: 0}
    - target: {fileID: 6120615414604356198, guid: 922d65cf33d03bf4582cb69f246abf91,
        type: 3}
      propertyPath: m_AnchorMax.y
      value: 0
      objectReference: {fileID: 0}
    - target: {fileID: 6120615414977644162, guid: 922d65cf33d03bf4582cb69f246abf91,
        type: 3}
      propertyPath: m_Pivot.x
      value: 0.5
      objectReference: {fileID: 0}
    - target: {fileID: 6120615414977644162, guid: 922d65cf33d03bf4582cb69f246abf91,
        type: 3}
      propertyPath: m_Pivot.y
      value: 0.5
      objectReference: {fileID: 0}
    - target: {fileID: 6120615414977644162, guid: 922d65cf33d03bf4582cb69f246abf91,
        type: 3}
      propertyPath: m_RootOrder
      value: 0
      objectReference: {fileID: 0}
    - target: {fileID: 6120615414977644162, guid: 922d65cf33d03bf4582cb69f246abf91,
        type: 3}
      propertyPath: m_AnchorMax.x
      value: 0.961
      objectReference: {fileID: 0}
    - target: {fileID: 6120615414977644162, guid: 922d65cf33d03bf4582cb69f246abf91,
        type: 3}
      propertyPath: m_AnchorMax.y
      value: 0.9295926
      objectReference: {fileID: 0}
    - target: {fileID: 6120615414977644162, guid: 922d65cf33d03bf4582cb69f246abf91,
        type: 3}
      propertyPath: m_AnchorMin.x
      value: 0.028500007
      objectReference: {fileID: 0}
    - target: {fileID: 6120615414977644162, guid: 922d65cf33d03bf4582cb69f246abf91,
        type: 3}
      propertyPath: m_AnchorMin.y
      value: 0.22885187
      objectReference: {fileID: 0}
    - target: {fileID: 6120615414977644162, guid: 922d65cf33d03bf4582cb69f246abf91,
        type: 3}
      propertyPath: m_SizeDelta.x
      value: 0
      objectReference: {fileID: 0}
    - target: {fileID: 6120615414977644162, guid: 922d65cf33d03bf4582cb69f246abf91,
        type: 3}
      propertyPath: m_SizeDelta.y
      value: 0
      objectReference: {fileID: 0}
    - target: {fileID: 6120615414977644162, guid: 922d65cf33d03bf4582cb69f246abf91,
        type: 3}
      propertyPath: m_LocalPosition.x
      value: 0
      objectReference: {fileID: 0}
    - target: {fileID: 6120615414977644162, guid: 922d65cf33d03bf4582cb69f246abf91,
        type: 3}
      propertyPath: m_LocalPosition.y
      value: 0
      objectReference: {fileID: 0}
    - target: {fileID: 6120615414977644162, guid: 922d65cf33d03bf4582cb69f246abf91,
        type: 3}
      propertyPath: m_LocalPosition.z
      value: 0
      objectReference: {fileID: 0}
    - target: {fileID: 6120615414977644162, guid: 922d65cf33d03bf4582cb69f246abf91,
        type: 3}
      propertyPath: m_LocalRotation.w
      value: 1
      objectReference: {fileID: 0}
    - target: {fileID: 6120615414977644162, guid: 922d65cf33d03bf4582cb69f246abf91,
        type: 3}
      propertyPath: m_LocalRotation.x
      value: 0
      objectReference: {fileID: 0}
    - target: {fileID: 6120615414977644162, guid: 922d65cf33d03bf4582cb69f246abf91,
        type: 3}
      propertyPath: m_LocalRotation.y
      value: 0
      objectReference: {fileID: 0}
    - target: {fileID: 6120615414977644162, guid: 922d65cf33d03bf4582cb69f246abf91,
        type: 3}
      propertyPath: m_LocalRotation.z
      value: 0
      objectReference: {fileID: 0}
    - target: {fileID: 6120615414977644162, guid: 922d65cf33d03bf4582cb69f246abf91,
        type: 3}
      propertyPath: m_AnchoredPosition.x
      value: 0
      objectReference: {fileID: 0}
    - target: {fileID: 6120615414977644162, guid: 922d65cf33d03bf4582cb69f246abf91,
        type: 3}
      propertyPath: m_AnchoredPosition.y
      value: 0
      objectReference: {fileID: 0}
    - target: {fileID: 6120615414977644162, guid: 922d65cf33d03bf4582cb69f246abf91,
        type: 3}
      propertyPath: m_LocalEulerAnglesHint.x
      value: 0
      objectReference: {fileID: 0}
    - target: {fileID: 6120615414977644162, guid: 922d65cf33d03bf4582cb69f246abf91,
        type: 3}
      propertyPath: m_LocalEulerAnglesHint.y
      value: 0
      objectReference: {fileID: 0}
    - target: {fileID: 6120615414977644162, guid: 922d65cf33d03bf4582cb69f246abf91,
        type: 3}
      propertyPath: m_LocalEulerAnglesHint.z
      value: 0
      objectReference: {fileID: 0}
    - target: {fileID: 6120615414977644163, guid: 922d65cf33d03bf4582cb69f246abf91,
        type: 3}
      propertyPath: m_Name
      value: SettingsBox
      objectReference: {fileID: 0}
    - target: {fileID: 6120615414983396732, guid: 922d65cf33d03bf4582cb69f246abf91,
        type: 3}
      propertyPath: m_Size
      value: 0.99999994
      objectReference: {fileID: 0}
    - target: {fileID: 6120615415993941620, guid: 922d65cf33d03bf4582cb69f246abf91,
        type: 3}
      propertyPath: m_AnchoredPosition.x
      value: 31.600098
      objectReference: {fileID: 0}
    - target: {fileID: 6120615416276111020, guid: 922d65cf33d03bf4582cb69f246abf91,
        type: 3}
      propertyPath: m_SizeDelta.y
      value: 0
      objectReference: {fileID: 0}
    - target: {fileID: 6120615416276111023, guid: 922d65cf33d03bf4582cb69f246abf91,
        type: 3}
      propertyPath: m_Spacing
      value: 20
      objectReference: {fileID: 0}
    - target: {fileID: 6120615416276111023, guid: 922d65cf33d03bf4582cb69f246abf91,
        type: 3}
      propertyPath: m_ChildForceExpandWidth
      value: 0
      objectReference: {fileID: 0}
    - target: {fileID: 6120615416289327190, guid: 922d65cf33d03bf4582cb69f246abf91,
        type: 3}
      propertyPath: m_AnchorMax.x
      value: 0
      objectReference: {fileID: 0}
    - target: {fileID: 6120615416289327190, guid: 922d65cf33d03bf4582cb69f246abf91,
        type: 3}
      propertyPath: m_AnchorMax.y
      value: 0
      objectReference: {fileID: 0}
    - target: {fileID: 6120615416289327190, guid: 922d65cf33d03bf4582cb69f246abf91,
        type: 3}
      propertyPath: m_AnchorMin.y
      value: 0
      objectReference: {fileID: 0}
    - target: {fileID: 6120615416313298080, guid: 922d65cf33d03bf4582cb69f246abf91,
        type: 3}
      propertyPath: m_AnchoredPosition.x
      value: 13.800049
      objectReference: {fileID: 0}
    - target: {fileID: 6120615416313298080, guid: 922d65cf33d03bf4582cb69f246abf91,
        type: 3}
      propertyPath: m_AnchoredPosition.y
      value: -16.180054
      objectReference: {fileID: 0}
    m_RemovedComponents: []
  m_SourcePrefab: {fileID: 100100000, guid: 922d65cf33d03bf4582cb69f246abf91, type: 3}
--- !u!224 &450817021982352198 stripped
RectTransform:
  m_CorrespondingSourceObject: {fileID: 6120615414977644162, guid: 922d65cf33d03bf4582cb69f246abf91,
    type: 3}
  m_PrefabInstance: {fileID: 5958637222313911748}
  m_PrefabAsset: {fileID: 0}
--- !u!224 &450817020952980328 stripped
RectTransform:
  m_CorrespondingSourceObject: {fileID: 6120615416276111020, guid: 922d65cf33d03bf4582cb69f246abf91,
    type: 3}
  m_PrefabInstance: {fileID: 5958637222313911748}
  m_PrefabAsset: {fileID: 0}
--- !u!1001 &5958637222410624802
PrefabInstance:
  m_ObjectHideFlags: 0
  serializedVersion: 2
  m_Modification:
    m_TransformParent: {fileID: 5958637223267971354}
    m_Modifications:
    - target: {fileID: 2214932110828583957, guid: 0cb4ca386ba5c9947b53ac0836ad5f79,
        type: 3}
      propertyPath: m_OnClick.m_PersistentCalls.m_Calls.Array.data[0].m_Target
      value: 
      objectReference: {fileID: 0}
    - target: {fileID: 2214932110828583962, guid: 0cb4ca386ba5c9947b53ac0836ad5f79,
        type: 3}
      propertyPath: m_Pivot.x
      value: 0.5
      objectReference: {fileID: 0}
    - target: {fileID: 2214932110828583962, guid: 0cb4ca386ba5c9947b53ac0836ad5f79,
        type: 3}
      propertyPath: m_Pivot.y
      value: 0.5
      objectReference: {fileID: 0}
    - target: {fileID: 2214932110828583962, guid: 0cb4ca386ba5c9947b53ac0836ad5f79,
        type: 3}
      propertyPath: m_RootOrder
      value: 1
      objectReference: {fileID: 0}
    - target: {fileID: 2214932110828583962, guid: 0cb4ca386ba5c9947b53ac0836ad5f79,
        type: 3}
      propertyPath: m_AnchorMax.x
      value: 0.9717917
      objectReference: {fileID: 0}
    - target: {fileID: 2214932110828583962, guid: 0cb4ca386ba5c9947b53ac0836ad5f79,
        type: 3}
      propertyPath: m_AnchorMax.y
      value: 0.17733337
      objectReference: {fileID: 0}
    - target: {fileID: 2214932110828583962, guid: 0cb4ca386ba5c9947b53ac0836ad5f79,
        type: 3}
      propertyPath: m_AnchorMin.x
      value: 0.71043754
      objectReference: {fileID: 0}
    - target: {fileID: 2214932110828583962, guid: 0cb4ca386ba5c9947b53ac0836ad5f79,
        type: 3}
      propertyPath: m_AnchorMin.y
      value: 0.023111112
      objectReference: {fileID: 0}
    - target: {fileID: 2214932110828583962, guid: 0cb4ca386ba5c9947b53ac0836ad5f79,
        type: 3}
      propertyPath: m_SizeDelta.x
      value: -3.963379
      objectReference: {fileID: 0}
    - target: {fileID: 2214932110828583962, guid: 0cb4ca386ba5c9947b53ac0836ad5f79,
        type: 3}
      propertyPath: m_SizeDelta.y
      value: 1.1569824
      objectReference: {fileID: 0}
    - target: {fileID: 2214932110828583962, guid: 0cb4ca386ba5c9947b53ac0836ad5f79,
        type: 3}
      propertyPath: m_LocalPosition.x
      value: 0
      objectReference: {fileID: 0}
    - target: {fileID: 2214932110828583962, guid: 0cb4ca386ba5c9947b53ac0836ad5f79,
        type: 3}
      propertyPath: m_LocalPosition.y
      value: 0
      objectReference: {fileID: 0}
    - target: {fileID: 2214932110828583962, guid: 0cb4ca386ba5c9947b53ac0836ad5f79,
        type: 3}
      propertyPath: m_LocalPosition.z
      value: 0
      objectReference: {fileID: 0}
    - target: {fileID: 2214932110828583962, guid: 0cb4ca386ba5c9947b53ac0836ad5f79,
        type: 3}
      propertyPath: m_LocalRotation.w
      value: 1
      objectReference: {fileID: 0}
    - target: {fileID: 2214932110828583962, guid: 0cb4ca386ba5c9947b53ac0836ad5f79,
        type: 3}
      propertyPath: m_LocalRotation.x
      value: 0
      objectReference: {fileID: 0}
    - target: {fileID: 2214932110828583962, guid: 0cb4ca386ba5c9947b53ac0836ad5f79,
        type: 3}
      propertyPath: m_LocalRotation.y
      value: 0
      objectReference: {fileID: 0}
    - target: {fileID: 2214932110828583962, guid: 0cb4ca386ba5c9947b53ac0836ad5f79,
        type: 3}
      propertyPath: m_LocalRotation.z
      value: 0
      objectReference: {fileID: 0}
    - target: {fileID: 2214932110828583962, guid: 0cb4ca386ba5c9947b53ac0836ad5f79,
        type: 3}
      propertyPath: m_AnchoredPosition.x
      value: -1
      objectReference: {fileID: 0}
    - target: {fileID: 2214932110828583962, guid: 0cb4ca386ba5c9947b53ac0836ad5f79,
        type: 3}
      propertyPath: m_AnchoredPosition.y
      value: -1
      objectReference: {fileID: 0}
    - target: {fileID: 2214932110828583962, guid: 0cb4ca386ba5c9947b53ac0836ad5f79,
        type: 3}
      propertyPath: m_LocalEulerAnglesHint.x
      value: 0
      objectReference: {fileID: 0}
    - target: {fileID: 2214932110828583962, guid: 0cb4ca386ba5c9947b53ac0836ad5f79,
        type: 3}
      propertyPath: m_LocalEulerAnglesHint.y
      value: 0
      objectReference: {fileID: 0}
    - target: {fileID: 2214932110828583962, guid: 0cb4ca386ba5c9947b53ac0836ad5f79,
        type: 3}
      propertyPath: m_LocalEulerAnglesHint.z
      value: 0
      objectReference: {fileID: 0}
    - target: {fileID: 2214932110828583963, guid: 0cb4ca386ba5c9947b53ac0836ad5f79,
        type: 3}
      propertyPath: m_Name
      value: Return
      objectReference: {fileID: 0}
    m_RemovedComponents: []
  m_SourcePrefab: {fileID: 100100000, guid: 0cb4ca386ba5c9947b53ac0836ad5f79, type: 3}
--- !u!1 &5479845001334596409 stripped
GameObject:
  m_CorrespondingSourceObject: {fileID: 2214932110828583963, guid: 0cb4ca386ba5c9947b53ac0836ad5f79,
    type: 3}
  m_PrefabInstance: {fileID: 5958637222410624802}
  m_PrefabAsset: {fileID: 0}
--- !u!224 &5479845001334596408 stripped
RectTransform:
  m_CorrespondingSourceObject: {fileID: 2214932110828583962, guid: 0cb4ca386ba5c9947b53ac0836ad5f79,
    type: 3}
  m_PrefabInstance: {fileID: 5958637222410624802}
  m_PrefabAsset: {fileID: 0}
--- !u!1001 &5958637222565957586
PrefabInstance:
  m_ObjectHideFlags: 0
  serializedVersion: 2
  m_Modification:
    m_TransformParent: {fileID: 1803221146}
    m_Modifications:
    - target: {fileID: 2118533011, guid: 3b0a3ab411a22aa4db763b8ce0756798, type: 3}
      propertyPath: localizationKey
      value: MainMenu.Settings.Quality
      objectReference: {fileID: 0}
    - target: {fileID: 1637347008305782388, guid: 3b0a3ab411a22aa4db763b8ce0756798,
        type: 3}
      propertyPath: m_Name
      value: LocalizedText
      objectReference: {fileID: 0}
    - target: {fileID: 6306734967900177846, guid: 3b0a3ab411a22aa4db763b8ce0756798,
        type: 3}
      propertyPath: m_Pivot.x
      value: 0.5
      objectReference: {fileID: 0}
    - target: {fileID: 6306734967900177846, guid: 3b0a3ab411a22aa4db763b8ce0756798,
        type: 3}
      propertyPath: m_Pivot.y
      value: 0.5
      objectReference: {fileID: 0}
    - target: {fileID: 6306734967900177846, guid: 3b0a3ab411a22aa4db763b8ce0756798,
        type: 3}
      propertyPath: m_RootOrder
      value: 0
      objectReference: {fileID: 0}
    - target: {fileID: 6306734967900177846, guid: 3b0a3ab411a22aa4db763b8ce0756798,
        type: 3}
      propertyPath: m_AnchorMax.x
      value: 0
      objectReference: {fileID: 0}
    - target: {fileID: 6306734967900177846, guid: 3b0a3ab411a22aa4db763b8ce0756798,
        type: 3}
      propertyPath: m_AnchorMax.y
      value: 0
      objectReference: {fileID: 0}
    - target: {fileID: 6306734967900177846, guid: 3b0a3ab411a22aa4db763b8ce0756798,
        type: 3}
      propertyPath: m_AnchorMin.x
      value: 0
      objectReference: {fileID: 0}
    - target: {fileID: 6306734967900177846, guid: 3b0a3ab411a22aa4db763b8ce0756798,
        type: 3}
      propertyPath: m_AnchorMin.y
      value: 0
      objectReference: {fileID: 0}
    - target: {fileID: 6306734967900177846, guid: 3b0a3ab411a22aa4db763b8ce0756798,
        type: 3}
      propertyPath: m_SizeDelta.x
      value: 0
      objectReference: {fileID: 0}
    - target: {fileID: 6306734967900177846, guid: 3b0a3ab411a22aa4db763b8ce0756798,
        type: 3}
      propertyPath: m_SizeDelta.y
      value: 0
      objectReference: {fileID: 0}
    - target: {fileID: 6306734967900177846, guid: 3b0a3ab411a22aa4db763b8ce0756798,
        type: 3}
      propertyPath: m_LocalPosition.x
      value: 0
      objectReference: {fileID: 0}
    - target: {fileID: 6306734967900177846, guid: 3b0a3ab411a22aa4db763b8ce0756798,
        type: 3}
      propertyPath: m_LocalPosition.y
      value: 0
      objectReference: {fileID: 0}
    - target: {fileID: 6306734967900177846, guid: 3b0a3ab411a22aa4db763b8ce0756798,
        type: 3}
      propertyPath: m_LocalPosition.z
      value: 0
      objectReference: {fileID: 0}
    - target: {fileID: 6306734967900177846, guid: 3b0a3ab411a22aa4db763b8ce0756798,
        type: 3}
      propertyPath: m_LocalRotation.w
      value: 1
      objectReference: {fileID: 0}
    - target: {fileID: 6306734967900177846, guid: 3b0a3ab411a22aa4db763b8ce0756798,
        type: 3}
      propertyPath: m_LocalRotation.x
      value: 0
      objectReference: {fileID: 0}
    - target: {fileID: 6306734967900177846, guid: 3b0a3ab411a22aa4db763b8ce0756798,
        type: 3}
      propertyPath: m_LocalRotation.y
      value: 0
      objectReference: {fileID: 0}
    - target: {fileID: 6306734967900177846, guid: 3b0a3ab411a22aa4db763b8ce0756798,
        type: 3}
      propertyPath: m_LocalRotation.z
      value: 0
      objectReference: {fileID: 0}
    - target: {fileID: 6306734967900177846, guid: 3b0a3ab411a22aa4db763b8ce0756798,
        type: 3}
      propertyPath: m_AnchoredPosition.x
      value: 0
      objectReference: {fileID: 0}
    - target: {fileID: 6306734967900177846, guid: 3b0a3ab411a22aa4db763b8ce0756798,
        type: 3}
      propertyPath: m_AnchoredPosition.y
      value: 0
      objectReference: {fileID: 0}
    - target: {fileID: 6306734967900177846, guid: 3b0a3ab411a22aa4db763b8ce0756798,
        type: 3}
      propertyPath: m_LocalEulerAnglesHint.x
      value: 0
      objectReference: {fileID: 0}
    - target: {fileID: 6306734967900177846, guid: 3b0a3ab411a22aa4db763b8ce0756798,
        type: 3}
      propertyPath: m_LocalEulerAnglesHint.y
      value: 0
      objectReference: {fileID: 0}
    - target: {fileID: 6306734967900177846, guid: 3b0a3ab411a22aa4db763b8ce0756798,
        type: 3}
      propertyPath: m_LocalEulerAnglesHint.z
      value: 0
      objectReference: {fileID: 0}
    - target: {fileID: 7490437722995867595, guid: 3b0a3ab411a22aa4db763b8ce0756798,
        type: 3}
      propertyPath: m_text
      value: "Rozdzielczo\u015B\u0107"
      objectReference: {fileID: 0}
    - target: {fileID: 7490437722995867595, guid: 3b0a3ab411a22aa4db763b8ce0756798,
        type: 3}
      propertyPath: m_fontSize
      value: 50
      objectReference: {fileID: 0}
    - target: {fileID: 7490437722995867595, guid: 3b0a3ab411a22aa4db763b8ce0756798,
        type: 3}
      propertyPath: m_margin.x
      value: 83
      objectReference: {fileID: 0}
    - target: {fileID: 7490437722995867595, guid: 3b0a3ab411a22aa4db763b8ce0756798,
        type: 3}
      propertyPath: m_fontSizeBase
      value: 50
      objectReference: {fileID: 0}
    - target: {fileID: 7490437722995867595, guid: 3b0a3ab411a22aa4db763b8ce0756798,
        type: 3}
      propertyPath: m_HorizontalAlignment
      value: 1
      objectReference: {fileID: 0}
    m_RemovedComponents: []
  m_SourcePrefab: {fileID: 100100000, guid: 3b0a3ab411a22aa4db763b8ce0756798, type: 3}
--- !u!1 &4902258998598406566 stripped
GameObject:
  m_CorrespondingSourceObject: {fileID: 1637347008305782388, guid: 3b0a3ab411a22aa4db763b8ce0756798,
    type: 3}
  m_PrefabInstance: {fileID: 5958637222565957586}
  m_PrefabAsset: {fileID: 0}
--- !u!224 &375860294222563940 stripped
RectTransform:
  m_CorrespondingSourceObject: {fileID: 6306734967900177846, guid: 3b0a3ab411a22aa4db763b8ce0756798,
    type: 3}
  m_PrefabInstance: {fileID: 5958637222565957586}
  m_PrefabAsset: {fileID: 0}
--- !u!1001 &5958637222885051899
PrefabInstance:
  m_ObjectHideFlags: 0
  serializedVersion: 2
  m_Modification:
    m_TransformParent: {fileID: 5958637222749062143}
    m_Modifications:
    - target: {fileID: 2118533011, guid: 3b0a3ab411a22aa4db763b8ce0756798, type: 3}
      propertyPath: localizationKey
      value: MainMenu.Settings.FullScreen
      objectReference: {fileID: 0}
    - target: {fileID: 1637347008305782388, guid: 3b0a3ab411a22aa4db763b8ce0756798,
        type: 3}
      propertyPath: m_Name
      value: LocalizedText
      objectReference: {fileID: 0}
    - target: {fileID: 6306734967900177846, guid: 3b0a3ab411a22aa4db763b8ce0756798,
        type: 3}
      propertyPath: m_Pivot.x
      value: 0.5
      objectReference: {fileID: 0}
    - target: {fileID: 6306734967900177846, guid: 3b0a3ab411a22aa4db763b8ce0756798,
        type: 3}
      propertyPath: m_Pivot.y
      value: 0.5
      objectReference: {fileID: 0}
    - target: {fileID: 6306734967900177846, guid: 3b0a3ab411a22aa4db763b8ce0756798,
        type: 3}
      propertyPath: m_RootOrder
      value: 0
      objectReference: {fileID: 0}
    - target: {fileID: 6306734967900177846, guid: 3b0a3ab411a22aa4db763b8ce0756798,
        type: 3}
      propertyPath: m_AnchorMax.x
      value: 0
      objectReference: {fileID: 0}
    - target: {fileID: 6306734967900177846, guid: 3b0a3ab411a22aa4db763b8ce0756798,
        type: 3}
      propertyPath: m_AnchorMax.y
      value: 0
      objectReference: {fileID: 0}
    - target: {fileID: 6306734967900177846, guid: 3b0a3ab411a22aa4db763b8ce0756798,
        type: 3}
      propertyPath: m_AnchorMin.x
      value: 0
      objectReference: {fileID: 0}
    - target: {fileID: 6306734967900177846, guid: 3b0a3ab411a22aa4db763b8ce0756798,
        type: 3}
      propertyPath: m_AnchorMin.y
      value: 0
      objectReference: {fileID: 0}
    - target: {fileID: 6306734967900177846, guid: 3b0a3ab411a22aa4db763b8ce0756798,
        type: 3}
      propertyPath: m_SizeDelta.x
      value: 0
      objectReference: {fileID: 0}
    - target: {fileID: 6306734967900177846, guid: 3b0a3ab411a22aa4db763b8ce0756798,
        type: 3}
      propertyPath: m_SizeDelta.y
      value: 0
      objectReference: {fileID: 0}
    - target: {fileID: 6306734967900177846, guid: 3b0a3ab411a22aa4db763b8ce0756798,
        type: 3}
      propertyPath: m_LocalPosition.x
      value: 0
      objectReference: {fileID: 0}
    - target: {fileID: 6306734967900177846, guid: 3b0a3ab411a22aa4db763b8ce0756798,
        type: 3}
      propertyPath: m_LocalPosition.y
      value: 0
      objectReference: {fileID: 0}
    - target: {fileID: 6306734967900177846, guid: 3b0a3ab411a22aa4db763b8ce0756798,
        type: 3}
      propertyPath: m_LocalPosition.z
      value: 0
      objectReference: {fileID: 0}
    - target: {fileID: 6306734967900177846, guid: 3b0a3ab411a22aa4db763b8ce0756798,
        type: 3}
      propertyPath: m_LocalRotation.w
      value: 1
      objectReference: {fileID: 0}
    - target: {fileID: 6306734967900177846, guid: 3b0a3ab411a22aa4db763b8ce0756798,
        type: 3}
      propertyPath: m_LocalRotation.x
      value: 0
      objectReference: {fileID: 0}
    - target: {fileID: 6306734967900177846, guid: 3b0a3ab411a22aa4db763b8ce0756798,
        type: 3}
      propertyPath: m_LocalRotation.y
      value: 0
      objectReference: {fileID: 0}
    - target: {fileID: 6306734967900177846, guid: 3b0a3ab411a22aa4db763b8ce0756798,
        type: 3}
      propertyPath: m_LocalRotation.z
      value: 0
      objectReference: {fileID: 0}
    - target: {fileID: 6306734967900177846, guid: 3b0a3ab411a22aa4db763b8ce0756798,
        type: 3}
      propertyPath: m_AnchoredPosition.x
      value: 0
      objectReference: {fileID: 0}
    - target: {fileID: 6306734967900177846, guid: 3b0a3ab411a22aa4db763b8ce0756798,
        type: 3}
      propertyPath: m_AnchoredPosition.y
      value: 0
      objectReference: {fileID: 0}
    - target: {fileID: 6306734967900177846, guid: 3b0a3ab411a22aa4db763b8ce0756798,
        type: 3}
      propertyPath: m_LocalEulerAnglesHint.x
      value: 0
      objectReference: {fileID: 0}
    - target: {fileID: 6306734967900177846, guid: 3b0a3ab411a22aa4db763b8ce0756798,
        type: 3}
      propertyPath: m_LocalEulerAnglesHint.y
      value: 0
      objectReference: {fileID: 0}
    - target: {fileID: 6306734967900177846, guid: 3b0a3ab411a22aa4db763b8ce0756798,
        type: 3}
      propertyPath: m_LocalEulerAnglesHint.z
      value: 0
      objectReference: {fileID: 0}
    - target: {fileID: 7490437722995867595, guid: 3b0a3ab411a22aa4db763b8ce0756798,
        type: 3}
      propertyPath: m_text
      value: "Rozdzielczo\u015B\u0107"
      objectReference: {fileID: 0}
    - target: {fileID: 7490437722995867595, guid: 3b0a3ab411a22aa4db763b8ce0756798,
        type: 3}
      propertyPath: m_fontSize
      value: 50
      objectReference: {fileID: 0}
    - target: {fileID: 7490437722995867595, guid: 3b0a3ab411a22aa4db763b8ce0756798,
        type: 3}
      propertyPath: m_margin.x
      value: 83
      objectReference: {fileID: 0}
    - target: {fileID: 7490437722995867595, guid: 3b0a3ab411a22aa4db763b8ce0756798,
        type: 3}
      propertyPath: m_fontSizeBase
      value: 50
      objectReference: {fileID: 0}
    - target: {fileID: 7490437722995867595, guid: 3b0a3ab411a22aa4db763b8ce0756798,
        type: 3}
      propertyPath: m_HorizontalAlignment
      value: 1
      objectReference: {fileID: 0}
    m_RemovedComponents: []
  m_SourcePrefab: {fileID: 100100000, guid: 3b0a3ab411a22aa4db763b8ce0756798, type: 3}
--- !u!224 &375860293399627853 stripped
RectTransform:
  m_CorrespondingSourceObject: {fileID: 6306734967900177846, guid: 3b0a3ab411a22aa4db763b8ce0756798,
    type: 3}
  m_PrefabInstance: {fileID: 5958637222885051899}
  m_PrefabAsset: {fileID: 0}
--- !u!1 &4902258999453717391 stripped
GameObject:
  m_CorrespondingSourceObject: {fileID: 1637347008305782388, guid: 3b0a3ab411a22aa4db763b8ce0756798,
    type: 3}
  m_PrefabInstance: {fileID: 5958637222885051899}
  m_PrefabAsset: {fileID: 0}
--- !u!1001 &5958637222894748753
PrefabInstance:
  m_ObjectHideFlags: 0
  serializedVersion: 2
  m_Modification:
    m_TransformParent: {fileID: 1803221146}
    m_Modifications:
    - target: {fileID: 1123382731660280953, guid: 13352554311fe384a92a561e4c5452c5,
        type: 3}
      propertyPath: m_Name
      value: Dropdown
      objectReference: {fileID: 0}
    - target: {fileID: 1123382731660280954, guid: 13352554311fe384a92a561e4c5452c5,
        type: 3}
      propertyPath: m_Pivot.x
      value: 0.5
      objectReference: {fileID: 0}
    - target: {fileID: 1123382731660280954, guid: 13352554311fe384a92a561e4c5452c5,
        type: 3}
      propertyPath: m_Pivot.y
      value: 0.5
      objectReference: {fileID: 0}
    - target: {fileID: 1123382731660280954, guid: 13352554311fe384a92a561e4c5452c5,
        type: 3}
      propertyPath: m_RootOrder
      value: 1
      objectReference: {fileID: 0}
    - target: {fileID: 1123382731660280954, guid: 13352554311fe384a92a561e4c5452c5,
        type: 3}
      propertyPath: m_AnchorMax.x
      value: 0
      objectReference: {fileID: 0}
    - target: {fileID: 1123382731660280954, guid: 13352554311fe384a92a561e4c5452c5,
        type: 3}
      propertyPath: m_AnchorMax.y
      value: 0
      objectReference: {fileID: 0}
    - target: {fileID: 1123382731660280954, guid: 13352554311fe384a92a561e4c5452c5,
        type: 3}
      propertyPath: m_AnchorMin.x
      value: 0
      objectReference: {fileID: 0}
    - target: {fileID: 1123382731660280954, guid: 13352554311fe384a92a561e4c5452c5,
        type: 3}
      propertyPath: m_AnchorMin.y
      value: 0
      objectReference: {fileID: 0}
    - target: {fileID: 1123382731660280954, guid: 13352554311fe384a92a561e4c5452c5,
        type: 3}
      propertyPath: m_SizeDelta.x
      value: 0
      objectReference: {fileID: 0}
    - target: {fileID: 1123382731660280954, guid: 13352554311fe384a92a561e4c5452c5,
        type: 3}
      propertyPath: m_SizeDelta.y
      value: 0
      objectReference: {fileID: 0}
    - target: {fileID: 1123382731660280954, guid: 13352554311fe384a92a561e4c5452c5,
        type: 3}
      propertyPath: m_LocalPosition.x
      value: 0
      objectReference: {fileID: 0}
    - target: {fileID: 1123382731660280954, guid: 13352554311fe384a92a561e4c5452c5,
        type: 3}
      propertyPath: m_LocalPosition.y
      value: 0
      objectReference: {fileID: 0}
    - target: {fileID: 1123382731660280954, guid: 13352554311fe384a92a561e4c5452c5,
        type: 3}
      propertyPath: m_LocalPosition.z
      value: 0
      objectReference: {fileID: 0}
    - target: {fileID: 1123382731660280954, guid: 13352554311fe384a92a561e4c5452c5,
        type: 3}
      propertyPath: m_LocalRotation.w
      value: 1
      objectReference: {fileID: 0}
    - target: {fileID: 1123382731660280954, guid: 13352554311fe384a92a561e4c5452c5,
        type: 3}
      propertyPath: m_LocalRotation.x
      value: 0
      objectReference: {fileID: 0}
    - target: {fileID: 1123382731660280954, guid: 13352554311fe384a92a561e4c5452c5,
        type: 3}
      propertyPath: m_LocalRotation.y
      value: 0
      objectReference: {fileID: 0}
    - target: {fileID: 1123382731660280954, guid: 13352554311fe384a92a561e4c5452c5,
        type: 3}
      propertyPath: m_LocalRotation.z
      value: 0
      objectReference: {fileID: 0}
    - target: {fileID: 1123382731660280954, guid: 13352554311fe384a92a561e4c5452c5,
        type: 3}
      propertyPath: m_AnchoredPosition.x
      value: 0
      objectReference: {fileID: 0}
    - target: {fileID: 1123382731660280954, guid: 13352554311fe384a92a561e4c5452c5,
        type: 3}
      propertyPath: m_AnchoredPosition.y
      value: 0
      objectReference: {fileID: 0}
    - target: {fileID: 1123382731660280954, guid: 13352554311fe384a92a561e4c5452c5,
        type: 3}
      propertyPath: m_LocalEulerAnglesHint.x
      value: 0
      objectReference: {fileID: 0}
    - target: {fileID: 1123382731660280954, guid: 13352554311fe384a92a561e4c5452c5,
        type: 3}
      propertyPath: m_LocalEulerAnglesHint.y
      value: 0
      objectReference: {fileID: 0}
    - target: {fileID: 1123382731660280954, guid: 13352554311fe384a92a561e4c5452c5,
        type: 3}
      propertyPath: m_LocalEulerAnglesHint.z
      value: 0
      objectReference: {fileID: 0}
    - target: {fileID: 5155424053983088159, guid: 13352554311fe384a92a561e4c5452c5,
        type: 3}
      propertyPath: m_Enabled
      value: 1
      objectReference: {fileID: 0}
    - target: {fileID: 5155424053983088159, guid: 13352554311fe384a92a561e4c5452c5,
        type: 3}
      propertyPath: m_MinWidth
      value: 300
      objectReference: {fileID: 0}
    - target: {fileID: 5155424053983088159, guid: 13352554311fe384a92a561e4c5452c5,
        type: 3}
      propertyPath: m_PreferredWidth
      value: 800
      objectReference: {fileID: 0}
    m_RemovedComponents: []
  m_SourcePrefab: {fileID: 100100000, guid: 13352554311fe384a92a561e4c5452c5, type: 3}
--- !u!1 &6712151661183533096 stripped
GameObject:
  m_CorrespondingSourceObject: {fileID: 1123382731660280953, guid: 13352554311fe384a92a561e4c5452c5,
    type: 3}
  m_PrefabInstance: {fileID: 5958637222894748753}
  m_PrefabAsset: {fileID: 0}
--- !u!224 &6712151661183533099 stripped
RectTransform:
  m_CorrespondingSourceObject: {fileID: 1123382731660280954, guid: 13352554311fe384a92a561e4c5452c5,
    type: 3}
  m_PrefabInstance: {fileID: 5958637222894748753}
  m_PrefabAsset: {fileID: 0}
--- !u!1001 &6222878125841052101
PrefabInstance:
  m_ObjectHideFlags: 0
  serializedVersion: 2
  m_Modification:
    m_TransformParent: {fileID: 1922443868596914140}
    m_Modifications:
    - target: {fileID: 355026072291708560, guid: 51370e28acc2b794cb5ef73baab5b566,
        type: 3}
      propertyPath: m_Enabled
      value: 1
      objectReference: {fileID: 0}
    - target: {fileID: 355026072291708560, guid: 51370e28acc2b794cb5ef73baab5b566,
        type: 3}
      propertyPath: m_MinWidth
      value: 300
      objectReference: {fileID: 0}
    - target: {fileID: 355026072291708560, guid: 51370e28acc2b794cb5ef73baab5b566,
        type: 3}
      propertyPath: m_PreferredWidth
      value: 800
      objectReference: {fileID: 0}
    - target: {fileID: 5196222103539877779, guid: 51370e28acc2b794cb5ef73baab5b566,
        type: 3}
      propertyPath: resolutions.Array.size
      value: 3
      objectReference: {fileID: 0}
    - target: {fileID: 5196222103539877779, guid: 51370e28acc2b794cb5ef73baab5b566,
        type: 3}
      propertyPath: resolutions.Array.data[0].x
      value: 1920
      objectReference: {fileID: 0}
    - target: {fileID: 5196222103539877779, guid: 51370e28acc2b794cb5ef73baab5b566,
        type: 3}
      propertyPath: resolutions.Array.data[0].y
      value: 1080
      objectReference: {fileID: 0}
    - target: {fileID: 5196222103539877779, guid: 51370e28acc2b794cb5ef73baab5b566,
        type: 3}
      propertyPath: resolutions.Array.data[1].x
      value: 1280
      objectReference: {fileID: 0}
    - target: {fileID: 5196222103539877779, guid: 51370e28acc2b794cb5ef73baab5b566,
        type: 3}
      propertyPath: resolutions.Array.data[1].y
      value: 1024
      objectReference: {fileID: 0}
    - target: {fileID: 5196222103539877779, guid: 51370e28acc2b794cb5ef73baab5b566,
        type: 3}
      propertyPath: resolutions.Array.data[2].x
      value: 800
      objectReference: {fileID: 0}
    - target: {fileID: 5196222103539877779, guid: 51370e28acc2b794cb5ef73baab5b566,
        type: 3}
      propertyPath: resolutions.Array.data[2].y
      value: 600
      objectReference: {fileID: 0}
    - target: {fileID: 5544492082740249845, guid: 51370e28acc2b794cb5ef73baab5b566,
        type: 3}
      propertyPath: m_Pivot.x
      value: 0.5
      objectReference: {fileID: 0}
    - target: {fileID: 5544492082740249845, guid: 51370e28acc2b794cb5ef73baab5b566,
        type: 3}
      propertyPath: m_Pivot.y
      value: 0.5
      objectReference: {fileID: 0}
    - target: {fileID: 5544492082740249845, guid: 51370e28acc2b794cb5ef73baab5b566,
        type: 3}
      propertyPath: m_RootOrder
      value: 1
      objectReference: {fileID: 0}
    - target: {fileID: 5544492082740249845, guid: 51370e28acc2b794cb5ef73baab5b566,
        type: 3}
      propertyPath: m_AnchorMax.x
      value: 0
      objectReference: {fileID: 0}
    - target: {fileID: 5544492082740249845, guid: 51370e28acc2b794cb5ef73baab5b566,
        type: 3}
      propertyPath: m_AnchorMax.y
      value: 0
      objectReference: {fileID: 0}
    - target: {fileID: 5544492082740249845, guid: 51370e28acc2b794cb5ef73baab5b566,
        type: 3}
      propertyPath: m_AnchorMin.x
      value: 0
      objectReference: {fileID: 0}
    - target: {fileID: 5544492082740249845, guid: 51370e28acc2b794cb5ef73baab5b566,
        type: 3}
      propertyPath: m_AnchorMin.y
      value: 0
      objectReference: {fileID: 0}
    - target: {fileID: 5544492082740249845, guid: 51370e28acc2b794cb5ef73baab5b566,
        type: 3}
      propertyPath: m_SizeDelta.x
      value: 0
      objectReference: {fileID: 0}
    - target: {fileID: 5544492082740249845, guid: 51370e28acc2b794cb5ef73baab5b566,
        type: 3}
      propertyPath: m_SizeDelta.y
      value: 0
      objectReference: {fileID: 0}
    - target: {fileID: 5544492082740249845, guid: 51370e28acc2b794cb5ef73baab5b566,
        type: 3}
      propertyPath: m_LocalPosition.x
      value: 0
      objectReference: {fileID: 0}
    - target: {fileID: 5544492082740249845, guid: 51370e28acc2b794cb5ef73baab5b566,
        type: 3}
      propertyPath: m_LocalPosition.y
      value: 0
      objectReference: {fileID: 0}
    - target: {fileID: 5544492082740249845, guid: 51370e28acc2b794cb5ef73baab5b566,
        type: 3}
      propertyPath: m_LocalPosition.z
      value: 0
      objectReference: {fileID: 0}
    - target: {fileID: 5544492082740249845, guid: 51370e28acc2b794cb5ef73baab5b566,
        type: 3}
      propertyPath: m_LocalRotation.w
      value: 1
      objectReference: {fileID: 0}
    - target: {fileID: 5544492082740249845, guid: 51370e28acc2b794cb5ef73baab5b566,
        type: 3}
      propertyPath: m_LocalRotation.x
      value: 0
      objectReference: {fileID: 0}
    - target: {fileID: 5544492082740249845, guid: 51370e28acc2b794cb5ef73baab5b566,
        type: 3}
      propertyPath: m_LocalRotation.y
      value: 0
      objectReference: {fileID: 0}
    - target: {fileID: 5544492082740249845, guid: 51370e28acc2b794cb5ef73baab5b566,
        type: 3}
      propertyPath: m_LocalRotation.z
      value: 0
      objectReference: {fileID: 0}
    - target: {fileID: 5544492082740249845, guid: 51370e28acc2b794cb5ef73baab5b566,
        type: 3}
      propertyPath: m_AnchoredPosition.x
      value: 0
      objectReference: {fileID: 0}
    - target: {fileID: 5544492082740249845, guid: 51370e28acc2b794cb5ef73baab5b566,
        type: 3}
      propertyPath: m_AnchoredPosition.y
      value: 0
      objectReference: {fileID: 0}
    - target: {fileID: 5544492082740249845, guid: 51370e28acc2b794cb5ef73baab5b566,
        type: 3}
      propertyPath: m_LocalEulerAnglesHint.x
      value: 0
      objectReference: {fileID: 0}
    - target: {fileID: 5544492082740249845, guid: 51370e28acc2b794cb5ef73baab5b566,
        type: 3}
      propertyPath: m_LocalEulerAnglesHint.y
      value: 0
      objectReference: {fileID: 0}
    - target: {fileID: 5544492082740249845, guid: 51370e28acc2b794cb5ef73baab5b566,
        type: 3}
      propertyPath: m_LocalEulerAnglesHint.z
      value: 0
      objectReference: {fileID: 0}
    - target: {fileID: 5544492082740249846, guid: 51370e28acc2b794cb5ef73baab5b566,
        type: 3}
      propertyPath: m_Name
      value: Dropdown
      objectReference: {fileID: 0}
    m_RemovedComponents: []
  m_SourcePrefab: {fileID: 100100000, guid: 51370e28acc2b794cb5ef73baab5b566, type: 3}
--- !u!224 &1922443868070950192 stripped
RectTransform:
  m_CorrespondingSourceObject: {fileID: 5544492082740249845, guid: 51370e28acc2b794cb5ef73baab5b566,
    type: 3}
  m_PrefabInstance: {fileID: 6222878125841052101}
  m_PrefabAsset: {fileID: 0}
